<?xml version="1.0" encoding="UTF-8"?>
  <record xmlns="http://www.loc.gov/MARC21/slim" type="Authority">
    <leader>00000nz  a2200000nc 4500</leader>
    <controlfield tag="001">118588028</controlfield>
    <controlfield tag="003">DE-101</controlfield>
    <controlfield tag="005">20220309171329.0</controlfield>
    <controlfield tag="008">880701n||azznnaabn           | aaa    |c</controlfield>
    <datafield tag="024" ind1="7" ind2=" ">
      <subfield code="a">118588028</subfield>
      <subfield code="0">http://d-nb.info/gnd/118588028</subfield>
      <subfield code="2">gnd</subfield>
    </datafield>
    <datafield tag="035" ind1=" " ind2=" ">
      <subfield code="a">(DE-101)118588028</subfield>
    </datafield>
    <datafield tag="035" ind1=" " ind2=" ">
      <subfield code="a">(DE-588)118588028</subfield>
    </datafield>
    <datafield tag="035" ind1=" " ind2=" ">
      <subfield code="z">(DE-588)1158961073</subfield>
    </datafield>
    <datafield tag="035" ind1=" " ind2=" ">
      <subfield code="z">(DE-588a)118588028</subfield>
      <subfield code="9">v:zg</subfield>
    </datafield>
    <datafield tag="035" ind1=" " ind2=" ">
      <subfield code="z">(DE-588a)176838031</subfield>
    </datafield>
    <datafield tag="035" ind1=" " ind2=" ">
      <subfield code="z">(DE-588c)4042317-7</subfield>
      <subfield code="9">v:zg</subfield>
    </datafield>
    <datafield tag="040" ind1=" " ind2=" ">
      <subfield code="a">DE-101</subfield>
      <subfield code="c">DE-101</subfield>
      <subfield code="9">r:DE-101</subfield>
      <subfield code="b">ger</subfield>
      <subfield code="d">9999</subfield>
    </datafield>
    <datafield tag="042" ind1=" " ind2=" ">
      <subfield code="a">gnd1</subfield>
    </datafield>
    <datafield tag="043" ind1=" " ind2=" ">
      <subfield code="c">XA-IT</subfield>
    </datafield>
    <datafield tag="065" ind1=" " ind2=" ">
      <subfield code="a">3.6p</subfield>
      <subfield code="2">sswd</subfield>
    </datafield>
    <datafield tag="065" ind1=" " ind2=" ">
      <subfield code="a">7.14p</subfield>
      <subfield code="2">sswd</subfield>
    </datafield>
    <datafield tag="075" ind1=" " ind2=" ">
      <subfield code="b">p</subfield>
      <subfield code="2">gndgen</subfield>
    </datafield>
    <datafield tag="075" ind1=" " ind2=" ">
      <subfield code="b">piz</subfield>
      <subfield code="2">gndspec</subfield>
    </datafield>
    <datafield tag="079" ind1=" " ind2=" ">
      <subfield code="a">g</subfield>
      <subfield code="q">s</subfield>
      <subfield code="q">f</subfield>
      <subfield code="q">n</subfield>
      <subfield code="u">o</subfield>
      <subfield code="u">v</subfield>
      <subfield code="u">w</subfield>
    </datafield>
    <datafield tag="100" ind1="0" ind2=" ">
      <subfield code="a">Nicolaus</subfield>
      <subfield code="c">de Tudeschis</subfield>
      <subfield code="d">1386-1445</subfield>
    </datafield>
    <datafield tag="400" ind1="1" ind2=" ">
      <subfield code="a">Tedeschi, Niccolò</subfield>
      <subfield code="d">1386-1445</subfield>
      <subfield code="9">v:EDIT 16</subfield>
    </datafield>
    <datafield tag="400" ind1="0" ind2=" ">
      <subfield code="a">Niccolò</subfield>
      <subfield code="c">de Tudeschi</subfield>
      <subfield code="d">1386-1445</subfield>
    </datafield>
    <datafield tag="400" ind1="0" ind2=" ">
      <subfield code="a">Nicolas</subfield>
      <subfield code="c">de Palerme</subfield>
      <subfield code="d">1386-1445</subfield>
    </datafield>
    <datafield tag="400" ind1="0" ind2=" ">
      <subfield code="a">Nicolaus</subfield>
      <subfield code="c">de Tudiscis</subfield>
      <subfield code="d">1386-1445</subfield>
    </datafield>
    <datafield tag="400" ind1="0" ind2=" ">
      <subfield code="a">Niccolò</subfield>
      <subfield code="c">Tedesco</subfield>
      <subfield code="d">1386-1445</subfield>
    </datafield>
    <datafield tag="400" ind1="0" ind2=" ">
      <subfield code="a">Nicolaus</subfield>
      <subfield code="c">Alamanus</subfield>
      <subfield code="d">1386-1445</subfield>
    </datafield>
    <datafield tag="400" ind1="0" ind2=" ">
      <subfield code="a">Nicolaus</subfield>
      <subfield code="c">Laurentii</subfield>
      <subfield code="d">1386-1445</subfield>
    </datafield>
    <datafield tag="400" ind1="0" ind2=" ">
      <subfield code="a">Nicolas</subfield>
      <subfield code="c">le Panormitain</subfield>
      <subfield code="d">1386-1445</subfield>
    </datafield>
    <datafield tag="400" ind1="0" ind2=" ">
      <subfield code="a">Nicolaus</subfield>
      <subfield code="c">Tudeschius</subfield>
      <subfield code="d">1386-1445</subfield>
    </datafield>
    <datafield tag="400" ind1="0" ind2=" ">
      <subfield code="a">Niccolò</subfield>
      <subfield code="c">il Tedesco</subfield>
      <subfield code="d">1386-1445</subfield>
    </datafield>
    <datafield tag="400" ind1="0" ind2=" ">
      <subfield code="a">Niccolò</subfield>
      <subfield code="c">de'Tudeschi</subfield>
      <subfield code="d">1386-1445</subfield>
    </datafield>
    <datafield tag="400" ind1="0" ind2=" ">
      <subfield code="a">Siculus</subfield>
      <subfield code="c">Abbas</subfield>
      <subfield code="d">1386-1445</subfield>
    </datafield>
    <datafield tag="400" ind1="0" ind2=" ">
      <subfield code="a">Abbas</subfield>
      <subfield code="c">Siculus</subfield>
      <subfield code="d">1386-1445</subfield>
    </datafield>
    <datafield tag="400" ind1="0" ind2=" ">
      <subfield code="a">Abbas</subfield>
      <subfield code="c">Panormitanus</subfield>
      <subfield code="d">1386-1445</subfield>
    </datafield>
    <datafield tag="400" ind1="0" ind2=" ">
      <subfield code="a">Panormita</subfield>
      <subfield code="c">Abbas</subfield>
      <subfield code="d">1386-1445</subfield>
    </datafield>
    <datafield tag="400" ind1="0" ind2=" ">
      <subfield code="a">Panormita</subfield>
      <subfield code="c">Abbas Siculus</subfield>
      <subfield code="d">1386-1445</subfield>
    </datafield>
    <datafield tag="400" ind1="0" ind2=" ">
      <subfield code="a">Niccolò</subfield>
      <subfield code="c">de Tudeschis</subfield>
      <subfield code="d">1386-1445</subfield>
    </datafield>
    <datafield tag="400" ind1="0" ind2=" ">
      <subfield code="a">Panorme</subfield>
      <subfield code="d">1386-1445</subfield>
    </datafield>
    <datafield tag="400" ind1="1" ind2=" ">
      <subfield code="a">Tudeschius, Nicolaus</subfield>
      <subfield code="d">1386-1445</subfield>
    </datafield>
    <datafield tag="400" ind1="1" ind2=" ">
      <subfield code="a">Tedeschi, Niccolò &#152;de'&#156;</subfield>
      <subfield code="d">1386-1445</subfield>
    </datafield>
    <datafield tag="400" ind1="0" ind2=" ">
      <subfield code="a">Panormitanus</subfield>
      <subfield code="d">1386-1445</subfield>
    </datafield>
    <datafield tag="400" ind1="1" ind2=" ">
      <subfield code="a">Tudeschis, Nicolaus &#152;de&#156;</subfield>
      <subfield code="d">1386-1445</subfield>
    </datafield>
    <datafield tag="400" ind1="0" ind2=" ">
      <subfield code="a">Nikolaus</subfield>
      <subfield code="c">de Tudeschis</subfield>
      <subfield code="d">1386-1445</subfield>
    </datafield>
    <datafield tag="400" ind1="0" ind2=" ">
      <subfield code="a">Abbas</subfield>
      <subfield code="c">Modernus</subfield>
      <subfield code="d">1386-1445</subfield>
    </datafield>
    <datafield tag="400" ind1="0" ind2=" ">
      <subfield code="a">Siculus</subfield>
      <subfield code="d">1386-1445</subfield>
    </datafield>
    <datafield tag="400" ind1="0" ind2=" ">
      <subfield code="a">Nicolaus</subfield>
      <subfield code="c">Siculus</subfield>
      <subfield code="d">1386-1445</subfield>
    </datafield>
    <datafield tag="400" ind1="0" ind2=" ">
      <subfield code="a">Nicolaus</subfield>
      <subfield code="c">Panormitanus</subfield>
      <subfield code="d">1386-1445</subfield>
    </datafield>
    <datafield tag="400" ind1="0" ind2=" ">
      <subfield code="a">Nicolaus</subfield>
      <subfield code="c">de Tudesco</subfield>
      <subfield code="d">1386-1445</subfield>
    </datafield>
    <datafield tag="400" ind1="1" ind2=" ">
      <subfield code="a">Panormitanus, Nicolaus</subfield>
      <subfield code="d">1386-1445</subfield>
    </datafield>
    <datafield tag="400" ind1="0" ind2=" ">
      <subfield code="a">Nicolaus</subfield>
      <subfield code="c">Abbas Modernus</subfield>
      <subfield code="d">1386-1445</subfield>
    </datafield>
    <datafield tag="400" ind1="1" ind2=" ">
      <subfield code="a">Panormitanus de Tudeschis, Nicolaus</subfield>
      <subfield code="d">1386-1445</subfield>
    </datafield>
    <datafield tag="400" ind1="1" ind2=" ">
      <subfield code="a">Tudeschi, Niccolò &#152;de'&#156;</subfield>
      <subfield code="d">1386-1445</subfield>
    </datafield>
    <datafield tag="400" ind1="1" ind2=" ">
      <subfield code="a">Tudescis, Nicolaus &#152;de&#156;</subfield>
      <subfield code="d">1386-1445</subfield>
    </datafield>
    <datafield tag="400" ind1="0" ind2=" ">
      <subfield code="a">Nicolaus</subfield>
      <subfield code="c">Panormita</subfield>
      <subfield code="d">1386-1445</subfield>
    </datafield>
    <datafield tag="400" ind1="1" ind2=" ">
      <subfield code="a">Tudescus, Nicolaus</subfield>
      <subfield code="d">1386-1445</subfield>
    </datafield>
    <datafield tag="400" ind1="1" ind2=" ">
      <subfield code="a">Tudisco, Nicolaus &#152;de&#156;</subfield>
      <subfield code="d">1386-1445</subfield>
    </datafield>
    <datafield tag="400" ind1="0" ind2=" ">
      <subfield code="a">Panormitanus</subfield>
      <subfield code="c">Nicolaus</subfield>
      <subfield code="d">1386-1445</subfield>
    </datafield>
    <datafield tag="548" ind1=" " ind2=" ">
      <subfield code="a">1386-1445</subfield>
      <subfield code="4">datl</subfield>
      <subfield code="4">https://d-nb.info/standards/elementset/gnd#dateOfBirthAndDeath</subfield>
      <subfield code="w">r</subfield>
      <subfield code="i">Lebensdaten</subfield>
    </datafield>
    <datafield tag="550" ind1=" " ind2=" ">
      <subfield code="0">(DE-101)041772210</subfield>
      <subfield code="0">(DE-588)4177221-0</subfield>
      <subfield code="0">https://d-nb.info/gnd/4177221-0</subfield>
      <subfield code="a">Rechtsgelehrter</subfield>
      <subfield code="4">berc</subfield>
      <subfield code="4">https://d-nb.info/standards/elementset/gnd#professionOrOccupation</subfield>
      <subfield code="w">r</subfield>
      <subfield code="i">Charakteristischer Beruf</subfield>
    </datafield>
    <datafield tag="667" ind1=" " ind2=" ">
      <subfield code="a">12-PMA</subfield>
    </datafield>
    <datafield tag="667" ind1=" " ind2=" ">
      <subfield code="a">12</subfield>
    </datafield>
    <datafield tag="667" ind1=" " ind2=" ">
      <subfield code="a">384</subfield>
    </datafield>
    <datafield tag="667" ind1=" " ind2=" ">
      <subfield code="a">7</subfield>
    </datafield>
    <datafield tag="667" ind1=" " ind2=" ">
      <subfield code="a">Quelle: DNB-Normdaten (Info DNB: Italien)</subfield>
    </datafield>
    <datafield tag="667" ind1=" " ind2=" ">
      <subfield code="a">VD-17</subfield>
    </datafield>
    <datafield tag="670" ind1=" " ind2=" ">
      <subfield code="a">LThK; LMA,VI,1135</subfield>
    </datafield>
    <datafield tag="670" ind1=" " ind2=" ">
      <subfield code="a">DNB</subfield>
    </datafield>
    <datafield tag="670" ind1=" " ind2=" ">
      <subfield code="a">PND</subfield>
    </datafield>
    <datafield tag="672" ind1=" " ind2="0">
      <subfield code="a">Nicolaus &lt;de Tudeschis&gt;: Consilia et Quaestiones</subfield>
      <subfield code="f">1512</subfield>
    </datafield>
    <datafield tag="672" ind1=" " ind2="0">
      <subfield code="a">Nicolaus &lt;de Tudeschis&gt;: Consilia</subfield>
      <subfield code="f">1504</subfield>
    </datafield>
    <datafield tag="672" ind1=" " ind2="0">
      <subfield code="a">Nicolaus &lt;de Tudeschis&gt;: Consilia, Quaestiones et Tractatus</subfield>
      <subfield code="f">1542</subfield>
    </datafield>
    <datafield tag="672" ind1=" " ind2="0">
      <subfield code="a">Nicolaus &lt;de Tudeschis&gt;: Consilia iurisque Responsa Quaestiones et Tractatus</subfield>
      <subfield code="f">1547</subfield>
    </datafield>
    <datafield tag="672" ind1=" " ind2="0">
      <subfield code="a">Nicolaus &lt;de Tudeschis&gt;: Consiliorum Libri II</subfield>
      <subfield code="f">1555</subfield>
    </datafield>
    <datafield tag="672" ind1=" " ind2="0">
      <subfield code="a">Nicolaus &lt;de Tudeschis&gt;: Consilia et Quaestiones</subfield>
      <subfield code="f">1577</subfield>
    </datafield>
    <datafield tag="672" ind1=" " ind2="0">
      <subfield code="a">Nicolaus &lt;de Tudeschis&gt;: Lectura aurea super quinque libros decretalium</subfield>
      <subfield code="f">1504</subfield>
    </datafield>
    <datafield tag="672" ind1=" " ind2="0">
      <subfield code="a">Nicolaus &lt;de Tudeschis&gt;: Lectura aurea super quinque libros decretalium</subfield>
      <subfield code="f">1510</subfield>
    </datafield>
    <datafield tag="672" ind1=" " ind2="0">
      <subfield code="a">Nicolaus &lt;de Tudeschis&gt;: Lectura aurea super quinque libros decretalium</subfield>
      <subfield code="f">1514</subfield>
    </datafield>
    <datafield tag="672" ind1=" " ind2="0">
      <subfield code="a">Nicolaus &lt;de Tudeschis&gt;: Lectura aurea super quinque libros decretalium</subfield>
      <subfield code="f">1516</subfield>
    </datafield>
    <datafield tag="678" ind1=" " ind2=" ">
      <subfield code="b">Rechtsgelehrter, Bischof</subfield>
    </datafield>
    <datafield tag="678" ind1=" " ind2=" ">
      <subfield code="b">Ital. Theologe u. Kirchenrechtler; Erzbischof v. Palermo</subfield>
    </datafield>
    <datafield tag="913" ind1=" " ind2=" ">
      <subfield code="S">pnd</subfield>
      <subfield code="i">5</subfield>
      <subfield code="a">Nicolaus &lt;de Tudeschis&gt;</subfield>
      <subfield code="0">(DE-588a)118588028</subfield>
    </datafield>
  </record>
